@misc{ikea_history,
    author = "IKEA",
    title = "Historia de IKEA – cómo empezó todo",
    howpublished = "\url{http://www.ikea.com/ms/es_ES/about_ikea/the_ikea_way/history/}",
    accessed = "[Online, 11-05-2017]"
}

@misc{ikea_shops,
    author = "IKEA",
    title = "Acerca del grupo ikea",
    howpublished = "\url{http://www.ikea.com/ms/es_ES/about_ikea/facts_and_figures/ikea_group_stores/}",
    accessed = "[Online, 11-05-2017]"
}

@misc{roca_history,
    author = "Roca",
    title = "Empresa global - 100 años de historia que nos han convertido en referente a nivel mundial",
    howpublished = "\url{http://www.roca.es/nuestra-empresa/sobre-nosotros/una-empresa-global}",
    accessed = "[Online, 11-05-2017]"
}

@misc{opengltutorials,
    author = "Sam Hocevar",
    title = "OpenGL Tutorial",
    howpublished = "\url{http://www.opengl-tutorial.org/}",
    accessed = "[Online, 21-04-2017]"
}

@misc{points_sameplane,
    author = "Martin von Gagern",
    title = "Check if a point is on a plane",
    howpublished = "\url{https://math.stackexchange.com/questions/684141}",
    accessed = "[Online, 5-05-2017]"
}

@misc{planner5d,
    author = "Planner5D",
    title = "Planner5D",
    howpublished= "\url{https://planner5d.com/}",
    accessed = "[Online, 18-05-2017]"
}

@misc{2020,
    author = "2020",
    title = "2020",
    howpublished = "\url{https://www.2020spaces.com}",
    accessed = "[Online, 18-05-2017]"
}

@misc{vsync_nvidia,
    author = "GeForce",
    title = "Adaptive VSync Technology",
    howpublished = "\url{http://www.geforce.com/hardware/technology/adaptive-vsync/technology}",
    accessed = "[Online, 23-05-2017]"
}

@misc{nvidia_raytr,
    author = "Phill Miller",
    title = "NVIDIA Brings AI to Ray Tracing to Speed Graphics Workloads",
    howpublished = "\url{https://blogs.nvidia.com/blog/2017/05/10/ai-for-ray-tracing}",
    accessed = "[Online, 23-05-2017]"
}

@book{game_programming_patterns,
    author = "Robert Nystrom",
    title = "Game Programming Patterns",
    year = "2014",
    publisher = "Lightning Source Inc"
}